@article{wang_nusselt_1997,
	title = {Nusselt number for flow perpendicular to arrays of cylinders in the limit of small {Reynolds} and large {Peclet} numbers},
	volume = {9},
	doi = {10.1063/1.869277},
	journal = {Physics of Fluids},
	author = {Wang, W. and Sangani, A. S.},
	year = {1997},
	pages = {1529--1539},
}

@article{stone_heatmass_1989,
	title = {Heat/mass transfer from surface films to shear flows at arbitrary {Peclet} numbers},
	volume = {1},
	doi = {10.1063/1.857335},
	journal = {Physics of Fluids A},
	author = {Stone, H. A.},
	year = {1989},
	pages = {1112--1122},
}

@book{snow_formulas_1954,
	series = {National Bureau of Standards Circular 544},
	title = {Formulas for Computing Capacitance and Inductance},
	publisher = {U.S. Government Printing Office},
	author = {Snow, C.},
	year = {1954},
	lccn = {54060653},
}

@article{tocino_two-step_2015,
	title = {Two-step {Milstein} schemes for stochastic differential equations},
	volume = {69},
	doi = {10.1007/s11075-014-9918-9},
	journal = {Numerical Algorithms},
	author = {Tocino, A. and Senosiain, M. J.},
	year = {2015},
	pages = {643--665},
}

@misc{paffuti_results_2018,
	title = {Results for Capacitances and Forces in cylindrical systems},
	author = {Paffuti, G.},
	year = {2018},
}

@article{bloodgood_sensory_2010,
	title = {Sensory reception is an attribute of both primary cilia and motile cilia},
	volume = {123},
	doi = {10.1242/jcs.066308},
	journal = {Journal of Cell Science},
	author = {Bloodgood, R. A.},
	year = {2010},
	pages = {505--509},
}

@article{marshall_cilia_2006,
	title = {Cilia: Tuning in to the Cell's Antenna},
	volume = {16},
	doi = {10.1016/j.cub.2006.07.012},
	journal = {Current Biology},
	author = {Marshall, W. F. and Nonaka, S.},
	year = {2006},
	pages = {R604--R614},
}

@article{zimmermann_beitrage_1898,
	title = {Beiträge zur {Kenntniss} einiger {Drüsen} und {Epithelien}},
	volume = {52},
	journal = {Archiv für mikroskopische Anatomie},
	author = {Zimmermann, K. W.},
	year = {1898},
	pages = {552--706},
	doi = {10.1007/BF02975837}
}

@incollection{bloodgood_central_2009,
	title = {From central to rudimentary to primary: the history of an underappreciated organelle whose time has come. {The} primary cilium},
	volume = {94},
	booktitle = {Methods in cell biology},
	publisher = {Elsevier},
	author = {Bloodgood, R. A},
	year = {2009},
	pages = {2--52},
	doi = {10.1016/S0091-679X(08)94001-2}
}

@article{kinnamon_using_2009,
	title = {Using taste to clear the air(ways)},
	volume = {325},
	doi = {10.1126/science.1179180},
	journal = {Science},
	author = {Kinnamon, S. C. and Reynolds, S. D.},
	year = {2009},
	pages = {1081--1082},
}

@article{dasgupta_cilia_2016,
	title = {Cilia in vertebrate left-right patterning},
	volume = {371},
	doi = {10.1098/rstb.2015.0410},
	journal = {Philosophical Transactions of the Royal Society B: Biological Sciences},
	author = {Dasgupta, A. and Amack, J. D.},
	year = {2016},
	pmid = {27821522},
	
}

@article{nachury_establishing_2019,
	title = {Establishing and regulating the composition of cilia for signal transduction},
	volume = {20},
	doi = {10.1038/s41580-019-0116-4},
	journal = {Nature Reviews Molecular Cell Biology},
	author = {Nachury, M. V. and Mick, D. U.},
	year = {2019},
	pages = {389--405},
}

@article{mykytyn_g-protein-coupled_2017,
	title = {G-Protein-Coupled receptor signaling in cilia},
	volume = {9},
	doi = {10.1101/cshperspect.a028183},
	journal = {Cold Spring Harbor Perspectives in Biology},
	author = {Mykytyn, K. and Askwith, C.},
	year = {2017}
}

@article{reiten_motile-cilia-mediated_2017,
	title = {Motile-Cilia-Mediated Flow Improves Sensitivity and Temporal Resolution of Olfactory Computations},
	volume = {27},
	doi = {10.1016/j.cub.2016.11.036},
	journal = {Current Biology},
	author = {Reiten, I. and Uslu, F. E. and Fore, S. and Pelgrims, R. and Ringers, C. and Diaz Verdugo, C. and Hoffman, M. and Lal, P. and Kawakami, K. and Pekkan, K. and Yaksi, E. and Jurisch-Yaksi, N.},
	year = {2017},
	pmid = {28041793},
	pages = {166--174},
}

@article{challis_olfactory_2015,
	title = {An olfactory cilia pattern in the mammalian nose ensures high sensitivity to odors},
	volume = {25},
	doi = {10.1016/j.cub.2015.07.065},
	journal = {Current Biology},
	author = {Challis, R. C. and Tian, H. and Wang, J. and He, J. and Jiang, J. and Chen, X. and Yin, W. and Connelly, T. and Ma, L. and Yu, C. R. and Pluznick, J. L. and Storm, D. R. and Huang, L. and Zhao, K. and Ma, M.},
	year = {2015},
	pages = {2503--2512},
}

@article{berbari_primary_2009,
	title = {The Primary Cilium as a Complex Signaling Center},
	volume = {19},
	doi = {10.1016/j.cub.2009.05.025},
	journal = {Current Biology},
	author = {Berbari, N. F. and O'Connor, A. K. and Haycraft, C. J. and Yoder, B. K.},
	year = {2009},
}

@article{shah_motile_2009,
	title = {Motile cilia of human airway epithelia are chemosensory},
	volume = {325},
	doi = {10.1126/science.1173869},
	journal = {Science},
	author = {Shah, A. S. and Yehuda, B. S. and Moninger, T. O. and Kline, J. N. and Welsh, M. J.},
	year = {2009},
	pages = {1131--1134},
}

@article{kokot_measurement_2011,
	title = {Measurement of fluid flow generated by artificial cilia},
	volume = {5},
	doi = {10.1063/1.3608139},
	journal = {Biomicrofluidics},
	author = {Kokot, G. and Vilfan, M. and Osterman, N. and Vilfan, A. and Kavčič, B. and Poberaj, I. and Babič, D.},
	year = {2011},
	pages = {034103},
}

@article{faubel_cilia-based_2016,
	title = {Cilia-based flow network in the brain ventricles},
	volume = {353},
	doi = {10.1126/science.aae0450},
	journal = {Science},
	author = {Faubel, R. and Westendorf, C. and Bodenschatz, E. and Eichele, G.},
	year = {2016},
	pages = {176--178},
}

@article{waters_ciliopathies_2011,
	title = {Ciliopathies: an expanding disease spectrum},
	volume = {26},
	doi = {10.1007/s00467-010-1731-7},
	journal = {Pediatric Nephrology},
	author = {Waters, A. M. and Beales, P. L.},
	year = {2011},
	pages = {1039--1056},
}

@article{spasic_primary_2017,
	title = {Primary cilia: Cell and molecular mechanosensors directing whole tissue function},
	volume = {71},
	doi = {10.1016/j.semcdb.2017.08.036},
	journal = {Seminars in Cell \& Developmental Biology},
	author = {Spasic, M. and Jacobs, C. R.},
	year = {2017},
	pages = {42--52},
}

@article{berg_physics_1977,
	title = {Physics of chemoreception},
	volume = {20},
	doi = {10.1016/S0006-3495(77)85544-6},
	journal = {Biophysical Journal},
	author = {Berg, H.C. and Purcell, E.M.},
	year = {1977},
	pages = {193--219},
}

@incollection{adam_reduction_1968,
	address = {San Francisco},
	title = {Reduction of dimensionality in biological diffusion processes},
	booktitle = {Structural {Chemistry} and {Molecular} {Biology}},
	publisher = {W.H. Freeman},
	author = {Adam, G. and Delbrück, M.},
	editor = {Rich, A. and Davidson, N.},
	year = {1968},
	doi = {10.1016/S0378-4371(99)00485-9},
	pages = {198--215},
}

@article{leinders-zufall_ultrasensitive_2000,
	title = {Ultrasensitive pheromone detection by mammalian vomeronasal neurons},
	volume = {405},
	doi = {10.1038/35015572},
	journal = {Nature},
	author = {Leinders-Zufall, Trese and Lane, Andrew P. and Puche, Adam C. and Ma, Weidong and Novotny, Milos V. and Shipley, Michael T. and Zufall, Frank},
	year = {2000},
	pages = {792--796},
}

@article{kaupp_signal_2003,
	title = {The signal flow and motor response controling chemotaxis of sea urchin sperm},
	volume = {5},
	doi = {10.1038/ncb915},
	journal = {Nature Cell Biology},
	author = {Kaupp, U. Benjamin and Solzin, Johannes and Hildebrand, Eilo and Brown, Joel E. and Helbig, Annika and Hagen, Volker and Beyermann, Michael and Pampaloni, Francesco and Weyand, Ingo},
	year = {2003},
	pages = {109--117},
}

@article{bhandawat_signaling_2010,
	title = {Signaling by olfactory receptor neurons near threshold},
	volume = {107},
	doi = {10.1073/pnas.1004571107},
	journal = {Proceedings of the National Academy of Sciences},
	author = {Bhandawat, V. and Reisert, J. and Yau, K.-W.},
	year = {2010},
	pages = {18682--18687},
}

@article{gilpin_multiscale_2020,
	title = {The multiscale physics of cilia and flagella},
	volume = {2},
	doi = {10.1038/s42254-019-0129-0},
	journal = {Nature Reviews Physics},
	author = {Gilpin, William and Bull, Matthew Storm and Prakash, Manu},
	year = {2020},
	pages = {74--88},
}

@article{ferreira_physical_2017,
	title = {Physical limits of flow sensing in the left-right organizer},
	volume = {6},
	doi = {10.7554/eLife.25078},
	journal = {eLife},
	author = {Ferreira, Rita R and Vilfan, Andrej and Jülicher, Frank and Supatto, Willy and Vermot, Julien},
	year = {2017},
	pages = {e25078},
}

@article{mcgrath_two_2003,
	title = {Two Populations of Node Monocilia Initiate Left-Right Asymmetry in the Mouse},
	volume = {114},
	doi = {10.1016/S0092-8674(03)00511-7},
	journal = {Cell},
	author = {McGrath, James and Somlo, Stefan and Makova, Svetlana and Tian, Xin and Brueckner, Martina},
	year = {2003},
	pages = {61--73},
}

@article{osterman_finding_2011,
	title = {Finding the ciliary beating pattern with optimal efficiency},
	volume = {108},
	doi = {10.1073/pnas.1107889108},
	journal = {Proceedings of the National Academy of Sciences},
	author = {Osterman, Natan and Vilfan, Andrej},
	year = {2011},
	pages = {15727--15732},
}

@article{tanaka_fgf-induced_2005,
	title = {{FGF}-induced vesicular release of {Sonic} hedgehog and retinoic acid in leftward nodal flow is critical for left–right determination},
	volume = {435},
	doi = {10.1038/nature03494},
	journal = {Nature},
	author = {Tanaka, Yosuke and Okada, Yasushi and Hirokawa, Nobutaka},
	year = {2005},
	pages = {172--177},
}

@article{malicki_cilium_2017,
	title = {The Cilium: Cellular Antenna and Central Processing Unit},
	volume = {27},
	doi = {10.1016/j.tcb.2016.08.002},
	journal = {Trends in Cell Biology},
	author = {Malicki, Jarema J. and Johnson, Colin A.},
	year = {2017},
	pages = {126--140},
}

@article{essner_conserved_2002,
	title = {Conserved function for embryonic nodal cilia},
	volume = {418},
	doi = {10.1038/418037a},
	journal = {Nature},
	author = {Essner, Jeffrey J. and Vogan, Kyle J. and Wagner, Molly K. and Tabin, Clifford J. and Yost, H. Joseph and Brueckner, Martina},
	year = {2002},
	pages = {37--38},
}

@article{ferreira_cilium_2019,
	title = {The cilium as a force sensor – myth versus reality},
	volume = {132},
	doi = {10.1242/jcs.213496},
	journal = {Journal of Cell Science},
	author = {Ferreira, Rita R. and Fukui, Hajime and Chow, Renee and Vilfan, Andrej and Vermot, Julien},
	year = {2019},
	pages = {jcs213496},
}

@article{bustamante-marin_cilia_2017,
	title = {Cilia and Mucociliary Clearance},
	volume = {9},
	doi = {10.1101/cshperspect.a028241},
	journal = {Cold Spring Harbor Perspectives in Biology},
	author = {Bustamante-Marin, Ximena M. and Ostrowski, Lawrence E.},
	year = {2017},
	pages = {a028241},
}

@article{brooks_multiciliated_2014,
	title = {Multiciliated Cells},
	volume = {24},
	doi = {10.1016/j.cub.2014.08.047},
	journal = {Current Biology},
	author = {Brooks, Eric R. and Wallingford, John B.},
	year = {2014},
	pages = {R973--R982},
}

@article{reiter_genes_2017,
	title = {Genes and molecular pathways underpinning ciliopathies},
	volume = {18},
	journal = {Nature Reviews Molecular Cell Biology},
	author = {Reiter, Jeremy F. and Leroux, Michel R.},
	year = {2017},
	pages = {533--547},
	doi = {10.1038/nrm.2017.60}
}

@article{smith_fluid_2008,
	title = {Fluid mechanics of nodal flow due to embryonic primary cilia},
	volume = {5},
	doi = {10.1098/rsif.2007.1306},
	journal = {Journal of the Royal Society Interface},
	author = {Smith, D. J. and Blake, J. R. and Gaffney, E. A.},
	year = {2008},
	pages = {567--573},
}

@article{ramirez-piscina_fixed-density_2018,
	title = {Fixed-density boundary conditions in overdamped {Langevin} simulations of diffusion in channels},
	volume = {98},
	doi = {10.1103/physreve.98.013302},
	journal = {Physical Review E},
	author = {Ramírez-Piscina, L.},
	year = {2018},
	pages = {013302},
}

@article{jana_paramecium_2012,
	title = {Paramecium swimming in capillary tube},
	volume = {24},
	doi = {10.1063/1.4704792},
	journal = {Physics of Fluids},
	author = {Jana, Saikat and Um, Soong Ho and Jung, Sunghwan},
	year = {2012},
	pages = {041901},
}

@article{mayne_particle_2017,
	title = {Particle sorting by {Paramecium} cilia arrays},
	volume = {156-157},
	doi = {10.1016/j.biosystems.2017.04.001},
	journal = {BioSystems},
	author = {Mayne, Richard and Whiting, James G.H. and Wheway, Gabrielle and Melhuish, Chris and Adamatzky, Andrew},
	year = {2017},
	pages = {46--52},
}

@article{lisicki_swimming_2019,
	title = {Swimming eukaryotic microorganisms exhibit a universal speed distribution},
	volume = {8},
	doi = {10.7554/eLife.44907},
	journal = {eLife},
	author = {Lisicki, Maciej and Velho Rodrigues, Marcos F and Goldstein, Raymond E and Lauga, Eric},
	year = {2019},
	pages = {447},
}

@article{guasto_fluid_2012,
	title = {Fluid Mechanics of Planktonic Microorganisms},
	volume = {44},
	doi = {10.1146/annurev-fluid-120710-101156},
	journal = {Annual Review of Fluid Mechanics},
	author = {Guasto, Jeffrey S. and Rusconi, Roberto and Stocker, Roman},
	year = {2012},
	pages = {373--400},
}

@article{spassky_development_2017,
	title = {The development and functions of multiciliated epithelia},
	volume = {18},
	doi = {10.1038/nrm.2017.21},
	journal = {Nature Reviews Molecular Cell Biology},
	author = {Spassky, Nathalie and Meunier, Alice},
	year = {2017},
	pages = {423--436},
}

@article{lai_micro-_2009,
	title = {Micro- and macrorheology of mucus},
	volume = {61},
	doi = {10.1016/j.addr.2008.09.012},
	journal = {Advanced Drug Delivery Reviews},
	author = {Lai, Samuel K. and Wang, Ying-Ying and Wirtz, Denis and Hanes, Justin},
	year = {2009},
	pages = {86--100},
}

@article{short_flows_2006,
	title = {Flows driven by flagella of multicellular organisms enhance long-range molecular transport},
	volume = {103},
	doi = {10.1073/pnas.0600566103},
	journal = {Proceedings of the National Academy of Sciences},
	author = {Short, Martin B. and Solari, Cristian A. and Ganguly, Sujoy and Powers, Thomas R. and Kessler, John O. and Goldstein, Raymond E.},
	year = {2006},
	pmid = {16707579},
	pages = {8315--8319},
}

@article{lee_ace2_2020,
	title = {{ACE2} localizes to the respiratory cilia and is not increased by {ACE} inhibitors or {ARBs}},
	volume = {11},
	doi = {10.1038/s41467-020-19145-6},
	journal = {Nature Communications},
	author = {Lee, Ivan T. and Nakayama, Tsuguhisa and Wu, Chien-Ting and Goltsev, Yury and Jiang, Sizun and Gall, Phillip A. and Liao, Chun-Kang and Shih, Liang-Chun and Schürch, Christian M. and McIlwain, David R. and Chu, Pauline and Borchard, Nicole A. and Zarabanda, David and Dholakia, Sachi S. and Yang, Angela and Kim, Dayoung and Chen, Han and Kanie, Tomoharu and Lin, Chia-Der and Tsai, Ming-Hsui and Phillips, Katie M. and Kim, Raymond and Overdevest, Jonathan B. and Tyler, Matthew A. and Yan, Carol H. and Lin, Chih-Feng and Lin, Yi-Tsen and Bau, Da-Tian and Tsay, Gregory J. and Patel, Zara M. and Tsou, Yung-An and Tzankov, Alexandar and Matter, Matthias S. and Tai, Chih-Jaan and Yeh, Te-Huei and Hwang, Peter H. and Nolan, Garry P. and Nayak, Jayakar V. and Jackson, Peter K.},
	year = {2020},
	pages = {265},
}

@article{golestanian_hydrodynamic_2011,
	title = {Hydrodynamic synchronization at low {Reynolds} number},
	volume = {7},
	doi = {10.1039/c0sm01121e},
	journal = {Soft Matter},
	author = {Golestanian, Ramin and Yeomans, Julia M. and Uchida, Nariya},
	year = {2011},
	pages = {3074},
}

@article{uchida_synchronization_2010,
	title = {Synchronization and collective dynamics in a carpet of microfluidic rotors},
	volume = {104},
	doi = {10.1103/PhysRevLett.104.178103},
	journal = {Physical Review Letters},
	author = {Uchida, Nariya and Golestanian, Ramin},
	year = {2010},
	pages = {178103},
}

@article{meng_magnetically-actuated_2019,
	title = {Magnetically-actuated artificial cilium: a simple theoretical model},
	volume = {15},
	doi = {10.1039/c8sm02561d},
	journal = {Soft Matter},
	author = {Meng, Fanlong and Matsunaga, Daiki and Yeomans, Julia M. and Golestanian, Ramin},
	year = {2019},
	pages = {3864--3871},
}

@article{matsunaga_controlling_2019,
	title = {Controlling collective rotational patterns of magnetic rotors},
	volume = {10},
	doi = {10.1038/s41467-019-12665-w},
	journal = {Nature Communications},
	author = {Matsunaga, Daiki and Hamilton, Joshua K. and Meng, Fanlong and Bukin, Nick and Martin, Elizabeth L. and Ogrin, Feodor Y. and Yeomans, Julia M. and Golestanian, Ramin},
	year = {2019},
	pages = {4696},
}

@article{vilfan_self-assembled_2010,
	title = {Self-assembled artificial cilia},
	volume = {107},
	doi = {10.1073/pnas.0906819106},
	journal = {Proceedings of the National Academy of Sciences},
	author = {Vilfan, Mojca and Potočnik, Anton and Kavčič, Blaž and Osterman, Natan and Poberaj, Igor and Vilfan, Andrej and Babič, Dušan},
	year = {2010},
	pages = {1844--1847},
}

@article{tripathi_size_2013,
	title = {Size Selectivity in Artificial Cilia–Particle Interactions: Mimicking the Behavior of Suspension Feeders},
	volume = {29},
	doi = {10.1021/la400318f},
	journal = {Langmuir},
	author = {Tripathi, Anurag and Bhattacharya, Amitabh and Balazs, Anna C.},
	year = {2013},
	pages = {4616--4621},
}

@article{ghosh_designing_2010,
	title = {Designing Oscillating Cilia That Capture or Release Microscopic Particles},
	volume = {26},
	doi = {10.1021/la902926w},
	journal = {Langmuir},
	author = {Ghosh, Rajat and Buxton, Gavin A. and Usta, O. Berk and Balazs, Anna C. and Alexeev, Alexander},
	year = {2010},
	pages = {2963--2968},
}

@article{nawroth_motile_2017,
	title = {Motile cilia create fluid-mechanical microhabitats for the active recruitment of the host microbiome},
	volume = {114},
	doi = {10.1073/pnas.1706926114},
	journal = {Proceedings of the National Academy of Sciences},
	author = {Nawroth, Janna C. and Guo, Hanliang and Koch, Eric and Heath-Heckman, Elizabeth A. C. and Hermanson, John C. and Ruby, Edward G. and Dabiri, John O. and Kanso, Eva and McFall-Ngai, Margaret},
	year = {2017},
	pages = {9510--9516},
}

@article{ding_selective_2015,
	title = {Selective particle capture by asynchronously beating cilia},
	volume = {27},
	doi = {10.1063/1.4938558},
	journal = {Physics of Fluids},
	author = {Ding, Yang and Kanso, Eva},
	year = {2015},
	pages = {121902},
}

@article{friedlander_mass_1957,
	title = {Mass and heat transfer to single spheres and cylinders at low {Reynolds} numbers},
	volume = {3},
	doi = {10.1002/aic.690030109},
	journal = {AIChE Journal},
	author = {Friedlander, S K},
	year = {1957},
	pages = {43--48},
}

@article{masoud_reciprocal_2019,
	title = {The reciprocal theorem in fluid dynamics and transport phenomena},
	volume = {879},
	doi = {10.1017/jfm.2019.553},
	journal = {Journal of Fluid Mechanics},
	author = {Masoud, Hassan and Stone, Howard A.},
	year = {2019},
	pages = {P1},
}

@article{zhang_ultrasensitive_2013,
	title = {Ultrasensitive Detection of Amines by a Trace Amine-Associated Receptor},
	volume = {33},
	doi = {10.1523/JNEUROSCI.4299-12.2013},
	journal = {Journal of Neuroscience},
	author = {Zhang, J. and Pacifico, R. and Cawley, D. and Feinstein, P. and Bozza, T.},
	year = {2013},
	pages = {33/7/3228},
}

@article{frings_single_1990,
	title = {Single unit recording from olfactory cilia},
	volume = {57},
	doi = {10.1016/S0006-3495(90)82627-8},
	journal = {Biophysical Journal},
	author = {Frings, S. and Lindemann, B.},
	year = {1990},
	pages = {S0006349590826278},
}

@article{williams_direct_2014,
	title = {Direct evidence for {BBSome}-associated intraflagellar transport reveals distinct properties of native mammalian cilia},
	volume = {5},
	doi = {10.1038/ncomms6813},
	journal = {Nature Communications},
	author = {Williams, Corey L. and McIntyre, Jeremy C. and Norris, Stephen R. and Jenkins, Paul M. and Zhang, Lian and Pei, Qinglin and Verhey, Kristen and Martens, Jeffrey R.},
	year = {2014},
	pages = {444},
}

@article{hilgendorf_primary_2016,
	title = {The primary cilium as a cellular receiver: organizing ciliary {GPCR} signaling},
	volume = {39},
	doi = {10.1016/j.ceb.2016.02.008},
	journal = {Current Opinion in Cell Biology},
	author = {Hilgendorf, Keren I and Johnson, Carl T and Jackson, Peter K},
	year = {2016},
	pages = {S0955067416300151},
}

@article{endres_maximum_2009,
	title = {Maximum Likelihood and the Single Receptor},
	volume = {103},
	doi = {10.1103/PhysRevLett.103.158101},
	journal = {Physical Review Letters},
	author = {Endres, Robert G. and Wingreen, Ned S.},
	year = {2009},
	pages = {158101},
}

@article{bialek_physical_2005,
	title = {Physical limits to biochemical signaling},
	volume = {102},
	doi = {10.1073/pnas.0504321102},
	journal = {Proceedings of the National Academy of Sciences},
	author = {Bialek, W. and Setayeshgar, S.},
	year = {2005},
	pages = {0504321102},
}

@article{goldstein_elastohydrodynamic_2016,
	title = {Elastohydrodynamic synchronization of adjacent beating flagella},
	volume = {1},
	doi = {10.1103/PhysRevFluids.1.073201},
	journal = {Physical Review Fluids},
	author = {Goldstein, Raymond E and Lauga, Eric and Pesci, Adriana I and Proctor, Michael R E},
	year = {2016},
	pages = {73201},
}

@article{pellicciotta_entrainment_2020,
	title = {Entrainment of mammalian motile cilia in the brain with hydrodynamic forces},
	doi = {10.1073/pnas.1910065117},
	journal = {Proceedings of the National Academy of Sciences},
	author = {Pellicciotta, Nicola and Hamilton, Evelyn and Kotar, Jurij and Faucourt, Marion and Delgehyr, Nathalie and Spassky, Nathalie and Cicuta, Pietro},
	year = {2020},
	pages = {201910065},
}

@article{vilfan_hydrodynamic_2006,
	title = {Hydrodynamic flow patterns and synchronization of beating cilia},
	volume = {96},
	doi = {10.1103/PhysRevLett.96.058102},
	journal = {Physical Review Letters},
	author = {Vilfan, Andrej and Jülicher, Frank},
	year = {2006},
	pages = {1--4},
}

@article{elgeti_emergence_2013,
	title = {Emergence of metachronal waves in cilia arrays},
	volume = {110},
	doi = {10.1073/pnas.1218869110},
	journal = {Proceedings of the National Academy of Sciences},
	author = {Elgeti, Jens and Gompper, Gerhard},
	year = {2013},
	pages = {4470--4475},
}

@article{hickey_ciliary_2021,
	title = {Ciliary chemosensitivity is enhanced by cilium geometry and motility},
	volume = {10},
	doi = {10.7554/eLife.66322},
	journal = {eLife},
	author = {Hickey, David and Vilfan, Andrej and Golestanian, Ramin},
	year = {2021},
	pages = {e66322},
}

@article{vicsek_novel_1995,
	title = {Novel Type of Phase Transition in a System of Self-Driven Particles},
	volume = {75},
	doi = {10.1103/PhysRevLett.75.1226},
	journal = {Physical Review Letters},
	author = {Vicsek, Tamás and Czirók, András and Ben-Jacob, Eshel and Cohen, Inon and Shochet, Ofer},
	year = {1995},
	pages = {1226--1229},
}

@article{singla_primary_2006,
	title = {The Primary Cilium as the Cell's Antenna: Signaling at a Sensory Organelle},
	volume = {313},
	doi = {10.1126/science.1124534},
	journal = {Science},
	author = {Singla, Veena and Reiter, Jeremy F.},
	year = {2006},
	pages = {629--633},
}

@article{gueron_energetic_1999,
	title = {Energetic considerations of ciliary beating and the advantage of metachronal coordination},
	volume = {96},
	doi = {10.1073/pnas.96.22.12240},
	journal = {Proceedings of the National Academy of Sciences},
	author = {Gueron, Shay and Levit-Gurevich, Konstantin},
	year = {1999},
	pages = {12240--12245},
}

@article{knight-jones_relations_1954,
	title = {Relations between Metachronism and the Direction of Ciliary Beat in Metazoa},
	volume = {3},
	doi = {10.1242/jcs.s3-95.32.503},
	journal = {Journal of Cell Science},
	author = {Knight-Jones, E W},
	year = {1954},
	pages = {503--521},
}

@article{brumley_flagellar_2014,
	title = {Flagellar synchronization through direct hydrodynamic interactions},
	volume = {3},
	doi = {10.7554/eLife.02750},
	journal = {eLife},
	author = {Brumley, Douglas R and Wan, Kirsty Y and Polin, Marco and Goldstein, Raymond E},
	year = {2014},
	pages = {e02750},
}

@article{wan_coordinated_2016,
	title = {Coordinated beating of algal flagella is mediated by basal coupling},
	volume = {113},
	doi = {10.1073/pnas.1518527113},
	journal = {Proceedings of the National Academy of Sciences},
	author = {Wan, Kirsty Y. and Goldstein, Raymond E.},
	year = {2016},
}

@article{blake_note_1971,
	title = {A note on the image system for a stokeslet in a no-slip boundary},
	volume = {70},
	doi = {10.1017/S0305004100049902},
	journal = {Proceedings of the Cambridge Philosophical Society},
	author = {Blake, J. R.},
	year = {1971},
	pages = {303--310},
}

@article{vilfan_generic_2012,
	title = {Generic flow profiles induced by a beating cilium},
	volume = {35},
	doi = {10.1140/epje/i2012-12072-3},
	journal = {European Physical Journal E},
	author = {Vilfan, A.},
	year = {2012},
	pages = {72},
}

@article{meng_conditions_2021,
	title = {Conditions for metachronal coordination in arrays of model cilia},
	volume = {118},
	doi = {10.1073/pnas.2102828118},
	journal = {Proceedings of the National Academy of Sciences},
	author = {Meng, Fanlong and Bennett, Rachel R. and Uchida, Nariya and Golestanian, Ramin},
	year = {2021},
}

@article{narematsu_ciliary_2015,
	title = {Ciliary metachronal wave propagation on the compliant surface of \textit{{Paramecium}} cells},
	volume = {72},
	doi = {10.1002/cm.21266},
	journal = {Cytoskeleton},
	author = {Narematsu, Naoki and Quek, Raymond and Chiam, Keng-Hwee and Iwadate, Yoshiaki},
	year = {2015},
	pages = {633--646},
}

@article{brumley_hydrodynamic_2012,
	title = {Hydrodynamic Synchronization and Metachronal Waves on the Surface of the Colonial Alga \textit{{Volvox}} carteri},
	volume = {109},
	doi = {10.1103/PhysRevLett.109.268102},
	journal = {Physical Review Letters},
	author = {Brumley, Douglas R. and Polin, Marco and Pedley, Timothy J. and Goldstein, Raymond E.},
	year = {2012},
	pages = {268102},
}

@article{brunet_light-regulated_2019,
	title = {Light-regulated collective contractility in a multicellular choanoflagellate},
	volume = {366},
	doi = {10.1126/science.aay2346},
	journal = {Science},
	author = {Brunet, Thibaut and Larson, Ben T and Linden, Tess A and Vermeij, Mark J A and McDonald, Kent and King, Nicole},
	year = {2019},
	pages = {326--334},
}

@article{figueroa-morales_e_2020,
	title = {{E}. coli ``super-contaminates'' narrow ducts fostered by broad run-time distribution},
	volume = {6},
	doi = {10.1126/sciadv.aay0155},
	journal = {Science Advances},
	author = {Figueroa-Morales, Nuris and Rivera, Aramis and Soto, Rodrigo and Lindner, Anke and Altshuler, Ernesto and Clément, Éric},
	year = {2020},
	pages = {eaay0155},
}

@article{chakrabarti_multiscale_2022,
	title = {A multiscale biophysical model gives quantized metachronal waves in a lattice of cilia},
	volume = {119},
	doi = {10.1073/pnas.2113539119},
	journal = {Proceedings of the National Academy of Sciences},
	author = {Chakrabarti, Brato and Fürthauer, Sebastian and Shelley, Michael J.},
	year = {2022},
	pages = {e2113539119},
}

@article{fruchart_non-reciprocal_2021,
	title = {Non-reciprocal phase transitions},
	volume = {592},
	doi = {10.1038/s41586-021-03375-9},
	journal = {Nature},
	author = {Fruchart, Michel and Hanai, Ryo and Littlewood, Peter B. and Vitelli, Vincenzo},
	year = {2021},
	pages = {363--369},
}

@article{takamatsu_hydrodynamic_2013,
	title = {Hydrodynamic Phase Locking in Mouse Node Cilia},
	volume = {110},
	doi = {10.1103/PhysRevLett.110.248107},
	journal = {Physical Review Letters},
	author = {Takamatsu, Atsuko and Shinohara, Kyosuke and Ishikawa, Takuji and Hamada, Hiroshi},
	year = {2013},
	pages = {248107},
}

@article{uchida_synchronization_2010-1,
	title = {Synchronization in a carpet of hydrodynamically coupled rotors with random intrinsic frequency},
	volume = {89},
	doi = {10.1209/0295-5075/89/50011},
	journal = {Europhysics Letters},
	author = {Uchida, N. and Golestanian, R.},
	year = {2010},
	pages = {50011},
}

@article{niedermayer_synchronization_2008,
	title = {Synchronization, phase locking, and metachronal wave formation in ciliary chains},
	volume = {18},
	doi = {10.1063/1.2956984},
	journal = {Chaos},
	author = {Niedermayer, Thomas and Eckhardt, Bruno and Lenz, Peter},
	year = {2008},
	pages = {037128},
}

@article{nasouri_hydrodynamic_2016,
	title = {Hydrodynamic interactions of cilia on a spherical body},
	volume = {93},
	doi = {10.1103/PhysRevE.93.033111},
	journal = {Physical Review E},
	author = {Nasouri, Babak and Elfring, Gwynn J.},
	year = {2016},
	pages = {033111},
}

@article{guirao_spontaneous_2007,
	title = {Spontaneous Creation of Macroscopic Flow and Metachronal Waves in an Array of Cilia},
	volume = {92},
	doi = {10.1529/biophysj.106.084897},
	journal = {Biophysical Journal},
	author = {Guirao, Boris and Joanny, Jean-François},
	year = {2007},
	pages = {1900--1917},
}

@article{man_multisynchrony_2020,
	title = {Multisynchrony in Active Microfilaments},
	volume = {125},
	doi = {10.1103/PhysRevLett.125.148101},
	journal = {Physical Review Letters},
	author = {Man, Yi and Kanso, Eva},
	year = {2020},
	pages = {148101},
}

@article{guo_bistability_2018,
	title = {Bistability in the synchronization of actuated microfilaments},
	volume = {836},
	doi = {10.1017/jfm.2017.816},
	journal = {Journal of Fluid Mechanics},
	author = {Guo, Hanliang and Fauci, Lisa and Shelley, Michael and Kanso, Eva},
	year = {2018},
	pages = {304--323},
}

@article{solovev_synchronization_2022,
	title = {Synchronization in cilia carpets: multiple metachronal waves are stable, but one wave dominates},
	volume = {24},
	doi = {10.1088/1367-2630/ac2ae4},
	journal = {New Journal of Physics},
	author = {Solovev, Anton and Friedrich, Benjamin M.},
	year = {2022},
	pages = {013015},
}

@article{guirao_coupling_2010,
	title = {Coupling between hydrodynamic forces and planar cell polarity orients mammalian motile cilia},
	volume = {12},
	doi = {10.1038/ncb2040},
	journal = {Nature Cell Biology},
	author = {Guirao, Boris and Meunier, Alice and Mortaud, Stéphane and Aguilar, Andrea and Corsi, Jean-Marc and Strehl, Laetitia and Hirota, Yuki and Desoeuvre, Angélique and Boutin, Camille and Han, Young-Goo and Mirzadeh, Zaman and Cremer, Harold and Montcouquiol, Mireille and Sawamoto, Kazunobu and Spassky, Nathalie},
	year = {2010},
	pages = {341--350},
}

@article{qian_minimal_2009,
	title = {Minimal model for synchronization induced by hydrodynamic interactions},
	volume = {80},
	doi = {10.1103/PhysRevE.80.061919},
	journal = {Physical Review E},
	author = {Qian, Bian and Jiang, Hongyuan and Gagnon, David A. and Breuer, Kenneth S. and Powers, Thomas R.},
	year = {2009},
	pages = {061919},
}

@article{uchida_generic_2011,
	title = {Generic Conditions for Hydrodynamic Synchronization},
	volume = {106},
	doi = {10.1103/PhysRevLett.106.058104},
	journal = {Physical Review Letters},
	author = {Uchida, Nariya and Golestanian, Ramin},
	year = {2011},
	pages = {058104},
}

@article{uchida_hydrodynamic_2012,
	title = {Hydrodynamic synchronization between objects with cyclic rigid trajectories},
	volume = {35},
	doi = {10.1140/epje/i2012-12135-5},
	journal = {European Physical Journal E},
	author = {Uchida, Nariya and Golestanian, Ramin},
	year = {2012},
	pages = {135},
}

@article{maestro_control_2018,
	title = {Control of synchronization in models of hydrodynamically coupled motile cilia},
	volume = {1},
	doi = {10.1038/s42005-018-0031-6},
	journal = {Communications Physics},
	author = {Maestro, Armando and Bruot, Nicolas and Kotar, Jurij and Uchida, Nariya and Golestanian, Ramin and Cicuta, Pietro},
	year = {2018},
	pages = {1--8},
}

@article{liu_transitions_2018,
	title = {Transitions in synchronization states of model cilia through basal-connection coupling},
	volume = {15},
	doi = {10.1098/rsif.2018.0450},
	journal = {Journal of the Royal Society Interface},
	author = {Liu, Yujie and Claydon, Rory and Polin, Marco and Brumley, Douglas R.},
	year = {2018},
	pages = {20180450},
}

@article{gueron_cilia_1997,
	title = {Cilia internal mechanism and metachronal coordination as the result of hydrodynamical coupling},
	volume = {94},
	doi = {10.1073/pnas.94.12.6001},
	journal = {Proceedings of the National Academy of Sciences},
	author = {Gueron, Shay and Levit-Gurevich, Konstantin and Liron, Nadav and Blum, Jacob J.},
	year = {1997},
	pages = {6001--6006},
}

@article{kim_pumping_2006,
	title = {Pumping Fluids with Periodically Beating Grafted Elastic Filaments},
	volume = {96},
	doi = {10.1103/PhysRevLett.96.158101},
	journal = {Physical Review Letters},
	author = {Kim, Yong Woon and Netz, Roland R.},
	year = {2006},
	pages = {158101},
}

@article{wollin_metachronal_2011,
	title = {Metachronal waves in a chain of rowers with hydrodynamic interactions},
	volume = {34},
	doi = {10.1140/epje/i2011-11042-7},
	journal = {European Physical Journal E},
	author = {Wollin, C. and Stark, H.},
	year = {2011},
	pages = {42},
}

@article{ghorbani_symplectic_2017,
	title = {Symplectic and antiplectic waves in an array of beating cilia attached to a closed body},
	volume = {95},
	doi = {10.1103/PhysRevE.95.052412},
	journal = {Physical Review E},
	author = {Ghorbani, Aref and Najafi, Ali},
	year = {2017},
	pages = {052412},
}

@article{tanasijevic_hydrodynamic_2021,
	title = {Hydrodynamic synchronization in strong confinement},
	volume = {103},
	doi = {10.1103/PhysRevE.103.022403},
	journal = {Physical Review E},
	author = {Tanasijević, Ivan and Lauga, Eric},
	year = {2021},
	pages = {022403},
}

@article{liao_energetics_2021,
	title = {Energetics of synchronization for model flagella and cilia},
	volume = {103},
	doi = {10.1103/PhysRevE.103.042419},
	journal = {Physical Review E},
	author = {Liao, Weida and Lauga, Eric},
	year = {2021},
	pages = {042419},
}

@article{solovev_lagrangian_2021,
	title = {Lagrangian mechanics of active systems},
	volume = {44},
	doi = {10.1140/epje/s10189-021-00016-x},
	journal = {European Physical Journal E},
	author = {Solovev, Anton and Friedrich, Benjamin M.},
	year = {2021},
	pages = {49},
}

@article{milana_metachronal_2020,
	title = {Metachronal patterns in artificial cilia for low {Reynolds} number fluid propulsion},
	volume = {6},
	doi = {10.1126/sciadv.abd2508},
	journal = {Science Advances},
	author = {Milana, Edoardo and Zhang, Rongjing and Vetrano, Maria Rosaria and Peerlinck, Sam and De Volder, Michael and Onck, Patrick R. and Reynaerts, Dominiek and Gorissen, Benjamin},
	year = {2020},
	pages = {eabd2508},
}

@article{mannan_minimal_2020,
	title = {Minimal model of the hydrodynamical coupling of flagella on a spherical body with application to \textit{{Volvox}}},
	volume = {102},
	doi = {10.1103/PhysRevE.102.033114},
	journal = {Physical Review E},
	author = {Mannan, Forest O. and Jarvela, Miika and Leiderman, Karin},
	year = {2020},
	pages = {033114},
}

@article{chakrabarti_hydrodynamic_2019,
	title = {Hydrodynamic Synchronization of Spontaneously Beating Filaments},
	volume = {123},
	doi = {10.1103/PhysRevLett.123.208101},
	journal = {Physical Review Letters},
	author = {Chakrabarti, Brato and Saintillan, David},
	year = {2019},
	pages = {208101},
}

@article{chakrabarti_spontaneous_2019,
	title = {Spontaneous oscillations, beating patterns, and hydrodynamics of active microfilaments},
	volume = {4},
	doi = {10.1103/PhysRevFluids.4.043102},
	journal = {Physical Review Fluids},
	author = {Chakrabarti, Brato and Saintillan, David},
	year = {2019},
	pages = {043102},
}

@article{dotsenko_current-mediated_2019,
	title = {Current-mediated synchronization of a pair of beating non-identical flagella},
	volume = {21},
	doi = {10.1088/1367-2630/ab0a80},
	journal = {New Journal of Physics},
	author = {Dotsenko, V. S. and Maciolek, A. and Oshanin, G. and Vasilyev, O. and Dietrich, S.},
	year = {2019},
	pages = {033036},
}

@article{okumura_asymmetry_2018,
	title = {Asymmetry in cilia configuration induces hydrodynamic phase locking},
	volume = {97},
	doi = {10.1103/PhysRevE.97.032411},
	journal = {Physical Review E},
	author = {Okumura, Keiji and Nishikawa, Seiya and Omori, Toshihiro and Ishikawa, Takuji and Takamatsu, Atsuko},
	year = {2018},
	pages = {032411},
}

@article{kavre_hydrodynamic_2015,
	title = {Hydrodynamic synchronization of autonomously oscillating optically trapped particles},
	volume = {91},
	doi = {10.1103/PhysRevE.91.031002},
	journal = {Physical Review E},
	author = {Kavre, Ivna and Vilfan, Andrej and Babič, Dušan},
	year = {2015},
	pages = {031002},
}

@article{brumley_metachronal_2015,
	title = {Metachronal waves in the flagellar beating of {Volvox} and their hydrodynamic origin},
	volume = {12},
	doi = {10.1098/rsif.2014.1358},
	journal = {Journal of The Royal Society Interface},
	author = {Brumley, Douglas R. and Polin, Marco and Pedley, Timothy J. and Goldstein, Raymond E.},
	year = {2015},
	pages = {20141358},
}

@article{theers_effects_2014,
	title = {Effects of thermal fluctuations and fluid compressibility on hydrodynamic synchronization of microrotors at finite oscillatory {Reynolds} number: a multiparticle collision dynamics simulation study},
	volume = {10},
	doi = {10.1039/C4SM00770K},
	journal = {Soft Matter},
	author = {Theers, Mario and Winkler, Roland G.},
	year = {2014},
	pages = {5894--5904},
}

@article{solovev_synchronization_2022-1,
	title = {Synchronization in cilia carpets and the {Kuramoto} model with local coupling: Breakup of global synchronization in the presence of noise},
	volume = {32},
	doi = {10.1063/5.0075095},
	journal = {Chaos},
	author = {Solovev, Anton and Friedrich, Benjamin M.},
	year = {2022},
	pages = {013124},
}

@article{kanale_spontaneous_2022,
	title = {Spontaneous phase coordination and fluid pumping in model ciliary carpets},
	volume = {119},
	doi = {10.1073/pnas.2214413119},
	journal = {Proceedings of the National Academy of Sciences},
	author = {Kanale, Anup V. and Ling, Feng and Guo, Hanliang and Fürthauer, Sebastian and Kanso, Eva},
	year = {2022},
	pages = {e2214413119},
}

@article{welch_use_1967,
	title = {The use of fast {Fourier} transform for the estimation of power spectra: {A} method based on time averaging over short, modified periodograms},
	volume = {15},
	doi = {10.1109/TAU.1967.1161901},
	journal = {IEEE Transactions on Audio and Electroacoustics},
	author = {Welch, P.},
	year = {1967},
	pages = {70--73},
}

@article{funfak_paramecium_2015,
	title = {\textit{{Paramecium}} swimming and ciliary beating patterns: a study on four {RNA} interference mutations},
	volume = {7},
	doi = {10.1039/c4ib00181h},
	journal = {Integrative Biology},
	author = {Funfak, Anette and Fisch, Cathy and Abdel Motaal, Hatem T. and Diener, Julien and Combettes, Laurent and Baroud, Charles N. and Dupuis-Williams, Pascale},
	year = {2015},
	pages = {90--100},
}

@article{yaghi_airway_2016,
	title = {Airway Epithelial Cell Cilia and Obstructive Lung Disease},
	volume = {5},
	doi = {10.3390/cells5040040},
	journal = {Cells},
	author = {Yaghi, Asma and Dolovich, Myrna B.},
	year = {2016},
	pages = {40},
}

@article{garcia_fundamental_2020,
	title = {Fundamental understanding of millipede morphology and locomotion dynamics},
	volume = {16},
	doi = {10.1088/1748-3190/abbdcc},
	journal = {Bioinspiration \& Biomimetics},
	author = {Garcia, Anthony and Krummel, Gregory and Priya, Shashank},
	year = {2020},
	pages = {026003},
}

@article{brennen_fluid_1977,
	title = {Fluid Mechanics of Propulsion by Cilia and Flagella},
	volume = {9},
	doi = {10.1146/annurev.fl.09.010177.002011},
	journal = {Annual Review of Fluid Mechanics},
	author = {Brennen, Christopher and Winet, Howard},
	year = {1977},
	pages = {339--398},
}

@article{chelakkot_synchronized_2021,
	title = {Synchronized oscillations, traveling waves, and jammed clusters induced by steric interactions in active filament arrays},
	volume = {17},
	doi = {10.1039/D0SM01162B},
	journal = {Soft Matter},
	author = {Chelakkot, Raghunath and F. Hagan, Michael and Gopinath, Arvind},
	year = {2021},
	pages = {1091--1104},
}

@article{goldstein_noise_2009,
	title = {Noise and Synchronization in Pairs of Beating Eukaryotic Flagella},
	volume = {103},
	doi = {10.1103/PhysRevLett.103.168103},
	journal = {Physical Review Letters},
	author = {Goldstein, Raymond E. and Polin, Marco and Tuval, Idan},
	year = {2009},
	pages = {168103},
}

@phdthesis{feriani_understanding_2019,
	type = {Thesis},
	title = {Understanding the Collective Dynamics of Motile Cilia in Human Airways},
	school = {University of Cambridge},
	author = {Feriani, Luigi},
	year = {2019},
	doi = {10.17863/CAM.35709},
}

@phdthesis{maretvadakethope_synchronisation_2021,
	type = {Thesis},
	title = {Synchronisation and dynamics of model cilia and flagella},
	school = {Imperial College London},
	author = {Maretvadakethope, Smitha},
	year = {2021},
	doi = {10.25560/95988},
}

@article{friedrich_flagellar_2012,
	title = {Flagellar Synchronization Independent of Hydrodynamic Interactions},
	volume = {109},
	doi = {10.1103/PhysRevLett.109.138102},
	journal = {Physical Review Letters},
	author = {Friedrich, Benjamin M. and Jülicher, Frank},
	year = {2012},
	pages = {138102},
}

@book{young_iterative_1971,
	address = {Orlando, FL},
	title = {Iterative Solution of Large Linear Systems},
	isbn = {978-1-4832-7413-3},
	publisher = {Academic Press},
	author = {Young, David M.},
	year = {1971},
	doi = {10.1016/C2013-0-11733-3},
}

@article{quaranta_hydrodynamics_2015,
	title = {Hydrodynamics Versus Intracellular Coupling in the Synchronization of Eukaryotic Flagella},
	volume = {115},
	doi = {10.1103/PhysRevLett.115.238101},
	journal = {Physical Review Letters},
	author = {Quaranta, Greta and Aubin-Tam, Marie-Eve and Tam, Daniel},
	year = {2015},
	pages = {238101},
}

@article{purcell_life_1977,
	title = {Life at low {Reynolds} number},
	volume = {45},
	doi = {10.1119/1.10903},
	journal = {American Journal of Physics},
	author = {Purcell, E. M.},
	year = {1977},
	pages = {3--11},
}

@article{strathmann_feeding_1971,
	title = {The feeding behavior of planktotrophic echinoderm larvae: Mechanisms, regulation, and rates of suspension-feeding},
	volume = {6},
	doi = {10.1016/0022-0981(71)90054-2},
	journal = {Journal of Experimental Marine Biology and Ecology},
	author = {Strathmann, Richard R.},
	year = {1971},
	pages = {109--160},
}

@article{saha_scalar_2020,
	title = {Scalar Active Mixtures: The Nonreciprocal {Cahn}-{Hilliard} Model},
	volume = {10},
	doi = {10.1103/PhysRevX.10.041009},
	journal = {Physical Review X},
	author = {Saha, Suropriya and Agudo-Canalejo, Jaime and Golestanian, Ramin},
	year = {2020},
	pages = {041009},
}

@article{saha_pairing_2019,
	title = {Pairing, waltzing and scattering of chemotactic active colloids},
	volume = {21},
	doi = {10.1088/1367-2630/ab20fd},
	journal = {New Journal of Physics},
	author = {Saha, Suropriya and Ramaswamy, Sriram and Golestanian, Ramin},
	year = {2019},
	pages = {063006},
}

@article{wan_reorganization_2020,
	title = {Reorganization of complex ciliary flows around regenerating {Stentor} coeruleus},
	volume = {375},
	doi = {10.1098/rstb.2019.0167},
	journal = {Philosophical Transactions of the Royal Society B: Biological Sciences},
	author = {Wan, Kirsty Y. and Hürlimann, Sylvia K. and Fenix, Aidan M. and McGillivary, Rebecca M. and Makushok, Tatyana and Burns, Evan and Sheung, Janet Y. and Marshall, Wallace F.},
	year = {2020},
	pages = {20190167},
}

@article{hamilton_chimera_2017,
	title = {The chimera state in colloidal phase oscillators with hydrodynamic interaction},
	volume = {27},
	doi = {10.1063/1.4989466},
	journal = {Chaos},
	author = {Hamilton, Evelyn and Bruot, Nicolas and Cicuta, Pietro},
	year = {2017},
	pages = {123108},
}

@article{osat_non-reciprocal_2023,
	title = {Non-reciprocal multifarious self-organization},
	volume = {18},
	doi = {10.1038/s41565-022-01258-2},
	journal = {Nature Nanotechnology},
	author = {Osat, S. and Golestanian, R.},
	year = {2023},
	pages = {79--85},
}

@article{loos_irreversibility_2020,
	title = {Irreversibility, heat and information flows induced by non-reciprocal interactions},
	volume = {22},
	doi = {10.1088/1367-2630/abcc1e},
	journal = {New Journal of Physics},
	author = {Loos, Sarah A M and Klapp, Sabine H L},
	year = {2020},
	pages = {123051},
}

@article{wei_measurements_2021,
	title = {Measurements of the unsteady flow field around beating cilia},
	volume = {915},
	doi = {10.1017/jfm.2021.149},
	journal = {Journal of Fluid Mechanics},
	author = {Wei, Da and Dehnavi, Parviz G. and Aubin-Tam, Marie-Eve and Tam, Daniel},
	year = {2021},
	pages = {A70},
}

@article{boselli_fluid_2021,
	title = {Fluid Mechanics of Mosaic Ciliated Tissues},
	volume = {127},
	doi = {10.1103/PhysRevLett.127.198102},
	journal = {Physical Review Letters},
	author = {Boselli, Francesco and Jullien, Jerome and Lauga, Eric and Goldstein, Raymond E.},
	year = {2021},
	pages = {198102},
}

@article{soh_intracellular_2022,
	title = {Intracellular connections between basal bodies promote the coordinated behavior of motile cilia},
	volume = {33},
	doi = {10.1091/mbc.E22-05-0150},
	journal = {Molecular Biology of the Cell},
	author = {Soh, Adam W. J. and Woodhams, Louis G. and Junker, Anthony D. and Enloe, Cassidy M. and Noren, Benjamin E. and Harned, Adam and Westlake, Christopher J. and Narayan, Kedar and Oakey, John S. and Bayly, Philip V. and Pearson, Chad G.},
	year = {2022},
	pages = {br18},
}

@article{bouhouche_paramecium_2022,
	title = {Paramecium, a Model to Study Ciliary Beating and Ciliogenesis: Insights From Cutting-Edge Approaches},
	volume = {10},
	doi = {10.3389/fcell.2022.847908},
	journal = {Frontiers in Cell and Developmental Biology},
	author = {Bouhouche, K. and Valentine, M. S. and Le Borgne, P. and Lemullois, M. and Yano, J. and Lodh, S. and Nabi, A. and Tassin, A. M. and Van Houten, J. L.},
	year = {2022},
	pages = {847908},
}

@article{kesimer_molecular_2013,
	title = {Molecular organization of the mucins and glycocalyx underlying mucus transport over mucosal surfaces of the airways},
	volume = {6},
	doi = {10.1038/mi.2012.81},
	journal = {Mucosal Immunology},
	author = {Kesimer, M and Ehre, C and Burns, K A and Davis, C W and Sheehan, J K and Pickles, R J},
	year = {2013},
	pages = {379--392},
}

@article{bottier_how_2019,
	title = {How Does Cilium Length Affect Beating?},
	volume = {116},
	doi = {10.1016/j.bpj.2019.02.012},
	journal = {Biophysical Journal},
	author = {Bottier, Mathieu and Thomas, Kyle A. and Dutcher, Susan K. and Bayly, Philip V.},
	year = {2019},
	pages = {1292--1304},
}

@article{horani_advances_2018,
	title = {Advances in the Genetics of Primary Ciliary Dyskinesia},
	volume = {154},
	doi = {10.1016/j.chest.2018.05.007},
	journal = {Chest},
	author = {Horani, Amjad and Ferkol, Thomas W.},
	year = {2018},
	pages = {645--652},
}

@article{toonder_microfluidic_2013,
	title = {Microfluidic manipulation with artificial/bioinspired cilia},
	volume = {31},
	doi = {10.1016/j.tibtech.2012.11.005},
	journal = {Trends in Biotechnology},
	author = {den Toonder, Jaap M. J. and Onck, Patrick R.},
	year = {2013},
	pages = {85--91},
}

@article{nawroth_stem_2019,
	title = {Stem cell-based Lung-on-Chips: The best of both worlds?},
	volume = {140},
	doi = {10.1016/j.addr.2018.07.005},
	journal = {Advanced Drug Delivery Reviews},
	author = {Nawroth, Janna C. and Barrile, Riccardo and Conegliano, David and van Riet, Sander and Hiemstra, Pieter S. and Villenave, Remi},
	year = {2019},
	pages = {12--32},
}

@article{verra_ciliary_2013,
	title = {Ciliary Abnormalities in Bronchial Epithelium of Smokers, Ex-smokers, and Nonsmokers},
	volume = {151},
	doi = {10.1164/ajrccm/151.3_Pt_1.630},
	journal = {American Journal of Respiratory and Critical Care Medicine},
	author = {Verra, Fernando and Escudier, Estelle and Lebargy, François and Bernaudin, Jean François and Crémoux, Hubert de and Bignon, Jean},
	year = {2013},
}

@article{theers_synchronization_2013,
	title = {Synchronization of rigid microrotors by time-dependent hydrodynamic interactions},
	volume = {88},
	doi = {10.1103/PhysRevE.88.023012},
	journal = {Physical Review E},
	author = {Theers, Mario and Winkler, Roland G.},
	year = {2013},
	pages = {023012},
}

@article{sleigh_propulsion_1988,
	title = {The Propulsion of Mucus by Cilia},
	volume = {137},
	doi = {10.1164/ajrccm/137.3.726},
	journal = {American Review of Respiratory Disease},
	author = {Sleigh, Michael A. and Blake, John R. and Liron, Nadav},
	year = {1988},
	pages = {726--741},
}

@article{tassin_paramecium_2015,
	title = {Paramecium tetraurelia basal body structure},
	volume = {5},
	doi = {10.1186/s13630-016-0026-4},
	journal = {Cilia},
	author = {Tassin, Anne-Marie and Lemullois, Michel and Aubusson-Fleury, Anne},
	year = {2015},
	pages = {779},
}

@article{aref_fluid_2021,
  author =	 {Ghorbani, Aref and Najafi, Ali},
  title =	 {Symplectic and antiplectic waves in an array of
                  beating cilia attached to a closed body},
  journal =	 {Physical Review E},
  year =	 2017,
  volume =	 95,
  pages =	 052412,
  doi =		 {10.1103/PhysRevE.95.052412},
}

@article{chateau_why_2019,
  author = {Chateau, S. and Favier, J. and Poncet, S. and D'Ortona, U.},
  title = {Why antiplectic metachronal cilia waves are optimal to transport bronchial mucus},
  journal = {Physical Review E},
  year = 2019,
  volume = {100},
  pages = {791},
  doi = {10.1103/PhysRevE.100.042405},
}
@article{byron_metachronal_2021,
  author = {Byron, Margaret L and Murphy, David W and Katija, Kakani and Hoover, Alexander P and Daniels, Joost and Garayev, Kuvvat and Takagi, Daisuke and Kanso, Eva and Gemmell, Bradford J and Ruszczyk, Melissa and Santhanakrishnan, Arvind},
  title = {Metachronal Motion across Scales: Current Challenges and Future Directions},
  journal = {Integrative and Comparative Biology},
  year = 2021,
  volume = {61},
  pages = {1674--1688},
  doi = {10.1093/icb/icab105},
}

@article{ringers_novel_2023,
	title = {Novel analytical tools reveal that local synchronization of cilia coincides with tissue-scale metachronal waves in zebrafish multiciliated epithelia},
	volume = {12},
	doi = {10.7554/eLife.77701},
	journal = {eLife},
	author = {Ringers, Christa and Bialonski, Stephan and Ege, Mert and Solovev, Anton and Hansen, Jan Niklas and Jeong, Inyoung and Friedrich, Benjamin M and Jurisch-Yaksi, Nathalie},
	year = {2023},
	pages = {e77701},
}

@article{baillie_xxi_1997,
	title = {{XXI}. {An} account of a remarkable transposition of the viscera. {By} {Matthew} {Baillie}, {M}. {D}. {In} a letter to {John} {Hunter}, {Esq}. {F}. {R}. {S}},
	shorttitle = {An account of a remarkable transposition of the viscera.},
	volume = {78},
	doi = {10.1098/rstl.1788.0023},
	journal = {Philosophical Transactions of the Royal Society of London},
	author = {Baillie, Matthew},
	year = {1788},
	pages = {350--363},
}

@article{ogunlade_role_2015,
	title = {The role of electrocardiogram in the diagnosis of dextrocardia with mirror image atrial arrangement and ventricular position in a young adult {Nigerian} in {Ile}-{Ife}: a case report},
	volume = {9},
	doi = {10.1186/s13256-015-0695-4},
	journal = {Journal of Medical Case Reports},
	author = {Ogunlade, Oluwadare and Ayoka, Abiodun O. and Akomolafe, Rufus O. and Akinsomisoye, Olumide S. and Irinoye, Adedayo I. and Ajao, Adewale and Asafa, Muritala A.},
	year = {2015},
	pages = {222},
}

@article{pennekamp_situs_2015,
	title = {Situs inversus and ciliary abnormalities: 20 years later, what is the connection?},
	shorttitle = {Situs inversus and ciliary abnormalities},
	volume = {4},
	doi = {10.1186/s13630-014-0010-9},
	journal = {Cilia},
	author = {Pennekamp, Petra and Menchen, Tabea and Dworniczak, Bernd and Hamada, Hiroshi},
	year = {2015},
	pages = {1},
}

@article{lyons_reproductive_2006,
	title = {The reproductive significance of human {Fallopian} tube cilia},
	volume = {12},
	doi = {10.1093/humupd/dml012},
	journal = {Human Reproduction Update},
	author = {Lyons, R. A. and Saridogan, E. and Djahanbakhch, O.},
	year = {2006},
}

@article{girardet_primary_2019,
	title = {Primary cilia: biosensors of the male reproductive tract},
	volume = {7},
	doi = {10.1111/andr.12650},
    journal = {Andrology},
	author = {Girardet, Laura and Augière, Céline and Asselin, Marie-Pier and Belleannée, Clémence},
	year = {2019},
	pages = {588--602},
}

@article{eitler_situs_2022,
	title = {Situs Inversus Totalis: A Clinical Review},
	volume = {15},
	shorttitle = {Situs Inversus Totalis},
	doi = {10.2147/IJGM.S295444},
	journal = {International Journal of General Medicine},
	author = {Eitler, Katalin and Bibok, András and Telkes, Gábor},
	year = {2022},
	pages = {2437--2449},
}

@article{mcgrath_cilia_2003,
	title = {Cilia are at the heart of vertebrate left–right asymmetry},
	volume = {13},
	doi = {10.1016/S0959-437X(03)00091-1},
	journal = {Current Opinion in Genetics \& Development},
	author = {McGrath, James and Brueckner, Martina},
	year = {2003},
	pages = {385--392},
}

@article{citerne_rheological_2001,
	title = {Rheological properties of peanut butter},
	volume = {40},
	doi = {10.1007/s003970000120},
	journal = {Rheologica Acta},
	author = {Citerne, Guillaume P. and Carreau, Pierre J. and Moan, Michel},
	year = {2001},
	pages = {86--96},
}

@article{zhang_swimming_2014,
	title = {Swimming behaviour and magnetotaxis function of the marine bacterium strain {MO}-1},
	volume = {6},
	doi = {10.1111/1758-2229.12102},
	journal = {Environmental Microbiology Reports},
	author = {Zhang, Sheng-Da and Petersen, Nikolai and Zhang, Wei-Jia and Cargou, Sébastien and Ruan, Juanfang and Murat, Dorothée and Santini, Claire-Lise and Song, Tao and Kato, Takayuki and Notareschi, Philippe and Li, Ying and Namba, Keiichi and Gué, Anne-Marie and Wu, Long-Fei},
	year = {2014},
	pages = {14--20},
}


@book{guazzelli_physical_2011,
	title = {A Physical Introduction to Suspension Dynamics},
	isbn = {978-0-521-19319-1},
    publisher = {Cambridge University Press},
	author = {Guazzelli, Élisabeth and Morris, Jeffrey F.},
	year = {2011},
	doi = {10.1017/CBO9780511894671},
}

@book{kim_microhydrodynamics_1991,
	title = {Microhydrodynamics: Principles and Selected Applications},
	isbn = {978-0-7506-9173-4},
	publisher = {Butterworth-Heinemann},
	author = {Kim, S. and Karrila, S.J.},
	year = {1991},
}

@article{van_der_heiden_monocilia_2006,
	title = {Monocilia on chicken embryonic endocardium in low shear stress areas},
	volume = {235},
	doi = {10.1002/dvdy.20557},
	journal = {Developmental Dynamics},
	author = {Van der Heiden, Kim and Groenendijk, Bianca C.W. and Hierck, Beerend P. and Hogers, Bianca and Koerten, Henk K. and Mommaas, A. Mieke and Gittenberger-de Groot, Adriana C. and Poelmann, Robert E.},
	year = {2006},
	pages = {19--28},
}

@article{moorman_primary_2008,
	title = {The primary cilium as a gravitational force transducer and a regulator of transcriptional noise},
	volume = {237},
	doi = {10.1002/dvdy.21493},
	journal = {Developmental Dynamics},
	author = {Moorman, Stephen J. and Shorr, Ardon Z.},
	year = {2008},
	pages = {1955--1959},
}

@article{kuhara_temperature_2008,
	title = {Temperature {Sensing} by an {Olfactory} {Neuron} in a {Circuit} {Controlling} {Behavior} of {C}. elegans},
	volume = {320},
	doi = {10.1126/science.1148922},
	journal = {Science},
	author = {Kuhara, Atsushi and Okumura, Masatoshi and Kimata, Tsubasa and Tanizawa, Yoshinori and Takano, Ryo and Kimura, Koutarou D. and Inada, Hitoshi and Matsumoto, Kunihiro and Mori, Ikue},
	year = {2008},
	pages = {803--807},
}

@article{insinna_intraflagellar_2008,
	title = {Intraflagellar transport and the sensory outer segment of vertebrate photoreceptors},
	volume = {237},
	doi = {10.1002/dvdy.21554},
	journal = {Developmental Dynamics},
	author = {Insinna, Christine and Besharse, Joseph C.},
	year = {2008},
	pages = {1982--1992},
}

@article{day_no-slip_1990,
	title = {The no-slip condition of fluid dynamics},
	volume = {33},
	doi = {10.1007/BF00717588},
	journal = {Erkenntnis},
	author = {Day, Michael A.},
	year = {1990},
	pages = {285--296},
}

@article{gauger_fluid_2009,
	title = {Fluid transport at low {Reynolds} number with magnetically actuated artificial cilia},
	volume = {28},
	doi = {10.1140/epje/i2008-10388-1},
	journal = {The European Physical Journal E},
	author = {Gauger, E. M. and Downton, M. T. and Stark, H.},
	year = {2009},
	pages = {231--242},
}

@article{einstein_uber_1905,
	title = {Über die von der molekularkinetischen {Theorie} der {Wärme} geforderte {Bewegung} von in ruhenden {Flüssigkeiten} suspendierten {Teilchen}},
	volume = {322},
	doi = {10.1002/andp.19053220806},
	journal = {Annalen der Physik},
	author = {Einstein, A.},
	year = {1905},
}

@book{feynman_feynman_2006,
	address = {San Francisco},
	title = {The {Feynman} lectures on physics},
	isbn = {978-0-8053-9045-2},
	publisher = {Pearson Addison Wesley},
	author = {Feynman, Richard P. and Leighton, Robert B. and Sands, Matthew L.},
	year = {2006},
}

@article{sokolinskaya_molecular_2020,
	title = {Molecular principles of insect chemoreception},
	volume = {12},
	doi = {10.32607/actanaturae.11038},
    journal = {Acta Naturae},
	author = {Sokolinskaya, E. L. and Kolesov, D. V. and Lukyanov, K. A. and Bogdanov, A. M.},
	year = {2020},
	pages = {81--91},
}

@article{king_selfish-herd_2012,
	title = {Selfish-herd behaviour of sheep under threat},
	volume = {22},
	doi = {10.1016/j.cub.2012.05.008},
    journal = {Current Biology},
	author = {King, Andrew J. and Wilson, Alan M. and Wilshin, Simon D. and Lowe, John and Haddadi, Hamed and Hailes, Stephen and Morton, A. Jennifer},
	year = {2012},
	pages = {R561--R562},
}

@article{kearns_field_2010,
	title = {A field guide to bacterial swarming motility},
	volume = {8},
	doi = {10.1038/nrmicro2405},
    journal = {Nature Reviews Microbiology},
	author = {Kearns, Daniel B.},
	year = {2010},
	pages = {634--644},
}

@article{geyer_cell-body_2013,
	title = {Cell-body rocking is a dominant mechanism for flagellar synchronization in a swimming alga},
	volume = {110},
	doi = {10.1073/pnas.1300895110},
	journal = {Proceedings of the National Academy of Sciences},
	author = {Geyer, Veikko F. and Jülicher, Frank and Howard, Jonathon and Friedrich, Benjamin M.},
	year = {2013},
	pages = {18058--18063}
}

@article{zhang_metachronal_2022,
	title = {Metachronal patterns by magnetically-programmable artificial cilia surfaces for low {Reynolds} number fluid transport and mixing},
	volume = {18},
	doi = {10.1039/D1SM01680F},
	journal = {Soft Matter},
	author = {Zhang, Rongjing and den Toonder, Jaap and R. Onck, Patrick},
	year = {2022},
	pages = {3902--3909},
}

@article{agudo-canalejo_active_2019,
	title = {Active Phase Separation in Mixtures of Chemically Interacting Particles},
	volume = {123},
	doi = {10.1103/PhysRevLett.123.018101},
    journal = {Physical Review Letters},
	author = {Agudo-Canalejo, Jaime and Golestanian, Ramin},
	year = {2019},
	pages = {018101},
}

@article{nagy_hierarchical_2010,
	title = {Hierarchical group dynamics in pigeon flocks},
	volume = {464},
	doi = {10.1038/nature08891},
    journal = {Nature},
	author = {Nagy, Máté and Ákos, Zsuzsa and Biro, Dora and Vicsek, Tamás},
	year = {2010},
	pages = {890--893},
}

@article{montbrio_kuramoto_2018,
	title = {Kuramoto Model for Excitation-Inhibition-Based Oscillations},
	volume = {120},
	doi = {10.1103/PhysRevLett.120.244101},
	journal = {Physical Review Letters},
	author = {Montbrió, Ernest and Pazó, Diego},
	year = {2018},
	pages = {244101}
}

@article{lavergne_group_2019,
	title = {Group formation and cohesion of active particles with visual perception–dependent motility},
	volume = {364},
	doi = {10.1126/science.aau5347},
	journal = {Science},
	author = {Lavergne, François A. and Wendehenne, Hugo and Bäuerle, Tobias and Bechinger, Clemens},
	year = {2019},
	pages = {70--74},
}

@article{malone_primary_2007,
	title = {Primary cilia mediate mechanosensing in bone cells by a calcium-independent mechanism},
	volume = {104},
	doi = {10.1073/pnas.0700636104},
	journal = {Proceedings of the National Academy of Sciences},
	author = {Malone, Amanda M. D. and Anderson, Charles T. and Tummala, Padmaja and Kwon, Ronald Y. and Johnston, Tyler R. and Stearns, Tim and Jacobs, Christopher R.},
	year = {2007},
	pages = {13325--13330},
}

@article{praetorius_bending_2001,
	title = {Bending the {MDCK} Cell Primary Cilium Increases Intracellular Calcium},
	volume = {184},
	doi = {10.1007/s00232-001-0075-4},
	journal = {The Journal of Membrane Biology},
	author = {Praetorius, H.A. and Spring, K.R.},
	year = {2001},
	pages = {71--79}
}

@article{delling_primary_2016,
	title = {Primary cilia are not calcium-responsive mechanosensors},
	volume = {531},
	doi = {10.1038/nature17426},
	journal = {Nature},
	author = {Delling, M. and Indzhykulian, A. A. and Liu, X. and Li, Y. and Xie, T. and Corey, D. P. and Clapham, D. E.},
	year = {2016},
	pages = {656--660},
}

@article{mcglashan_localization_2006,
	title = {Localization of Extracellular Matrix Receptors on the Chondrocyte Primary Cilium},
	volume = {54},
	doi = {10.1369/jhc.5A6866.2006},
	journal = {Journal of Histochemistry \& Cytochemistry},
	author = {McGlashan, Susan R. and Jensen, Cynthia G. and Poole, C. Anthony},
	year = {2006},
	pages = {1005--1014},
}

@article{goetz_endothelial_2014,
	title = {Endothelial Cilia Mediate Low Flow Sensing during Zebrafish Vascular Development},
	volume = {6},
	doi = {10.1016/j.celrep.2014.01.032},
	journal = {Cell Reports},
	author = {Goetz, Jacky G. and Steed, Emily and Ferreira, Rita R. and Roth, Stéphane and Ramspacher, Caroline and Boselli, Francesco and Charvin, Gilles and Liebling, Michael and Wyart, Claire and Schwab, Yannick and Vermot, Julien},
	year = {2014},
	pages = {799--808},
}

@article{nauli_endothelial_2008,
	title = {Endothelial Cilia Are Fluid Shear Sensors That Regulate Calcium Signaling and Nitric Oxide Production Through Polycystin-1},
	volume = {117},
	doi = {10.1161/CIRCULATIONAHA.107.710111},
	journal = {Circulation},
	author = {Nauli, Surya M. and Kawanabe, Yoshifumi and Kaminski, John J. and Pearce, William J. and Ingber, Donald E. and Zhou, Jing},
	month = mar,
	year = {2008},
	pages = {1161--1171},
}

@article{brailov_localization_2000,
	title = {Localization of 5-{HT6} receptors at the plasma membrane of neuronal cilia in the rat brain},
	volume = {872},
	doi = {10.1016/S0006-8993(00)02519-1},
	journal = {Brain Research},
	author = {Brailov, Ivan and Bancila, Mircea and Brisorgueil, Marie-Jeanne and Miquel, Marie-Christine and Hamon, Michel and Vergé, Daniel},
	year = {2000},
	pages = {271--275},
}

@article{falk_specialized_2015,
	title = {Specialized Cilia in Mammalian Sensory Systems},
	volume = {4},
	doi = {10.3390/cells4030500},
	journal = {Cells},
	author = {Falk, Nathalie and Lösl, Marlene and Schröder, Nadja and Gießl, Andreas},
	year = {2015},
	pages = {500--519},
}

@article{borker_slender_2019,
	title = {Slender body theory for particles with non-circular cross-sections with application to particle dynamics in shear flows},
	volume = {877},
	doi = {10.1017/jfm.2019.625},
	journal = {Journal of Fluid Mechanics},
	author = {Borker, Neeraj S. and Koch, Donald L.},
	year = {2019},
	pages = {1098--1133},
}

@article{koens_tubular-body_2022,
	title = {Tubular-body theory for viscous flows},
	volume = {7},
	doi = {10.1103/PhysRevFluids.7.034101},
	journal = {Physical Review Fluids},
	author = {Koens, Lyndon},
	year = {2022},
	pages = {034101},
}

@article{johnson_flagellar_1979,
	title = {Flagellar hydrodynamics. {A} comparison between resistive-force theory and slender-body theory.},
	volume = {25},
	journal = {Biophysical Journal},
	author = {Johnson, R E and Brokaw, C J},
	year = {1979},
	pages = {113--127},
}

@article{lauga_bacterial_2016,
	title = {Bacterial {Hydrodynamics}},
	volume = {48},
	doi = {10.1146/annurev-fluid-122414-034606},
    journal = {Annual Review of Fluid Mechanics},
	author = {Lauga, Eric},
	year = {2016},
	pages = {105--130},
}

@article{cortez_regularized_2018,
	title = {Regularized {Stokeslet} segments},
	volume = {375},
	doi = {10.1016/j.jcp.2018.08.055},
	journal = {Journal of Computational Physics},
	author = {Cortez, Ricardo},
	year = {2018},
	pages = {783--796},
}

@article{fulford_muco-ciliary_1986,
	title = {Muco-ciliary transport in the lung},
	volume = {121},
	doi = {10.1016/S0022-5193(86)80098-4},
	journal = {Journal of Theoretical Biology},
	author = {Fulford, G. R. and Blake, J. R},
	year = {1986},
	pages = {381--402},
}

@article{gueron_ciliary_1992,
	title = {Ciliary motion modeling, and dynamic multicilia interactions},
	volume = {63},
	doi = {10.1016/S0006-3495(92)81683-1},
	journal = {Biophysical Journal},
	author = {Gueron, Shay and Liron, Nadav},
	year = {1992},
	pages = {1045--1058},
}

@article{smith_boundary_2009,
	title = {A boundary element regularized {Stokeslet} method applied to cilia- and flagella-driven flow},
	volume = {465},
	doi = {10.1098/rspa.2009.0295},
	journal = {Proceedings of the Royal Society A: Mathematical, Physical and Engineering Sciences},
	author = {Smith, D. J.},
	year = {2009},
	pages = {3605--3626},
}

@article{pedley_hydrodynamic_1992,
	title = {Hydrodynamic {Phenomena} in {Suspensions} of {Swimming} {Microorganisms}},
	volume = {24},
	doi = {10.1146/annurev.fl.24.010192.001525},
	journal = {Annual Review of Fluid Mechanics},
	author = {Pedley, T. J. and Kessler, J. O.},
	year = {1992},
	pages = {313--358},
}

@article{olstad_ciliary_2019,
	title = {Ciliary {Beating} {Compartmentalizes} {Cerebrospinal} {Fluid} {Flow} in the {Brain} and {Regulates} {Ventricular} {Development}},
	volume = {29},
	doi = {10.1016/j.cub.2018.11.059},
	journal = {Current Biology},
	author = {Olstad, Emilie W. and Ringers, Christa and Hansen, Jan N. and Wens, Adinda and Brandt, Cecilia and Wachten, Dagmar and Yaksi, Emre and Jurisch-Yaksi, Nathalie},
	year = {2019},
	pages = {229--241.e6},
}

@article{yuan_motile_2019,
	title = {Motile cilia of the male reproductive system require {miR}-34/{miR}-449 for development and function to generate luminal turbulence},
	volume = {116},
	doi = {10.1073/pnas.1817018116},
	journal = {Proceedings of the National Academy of Sciences},
	author = {Yuan, Shuiqiao and Liu, Yue and Peng, Hongying and Tang, Chong and Hennig, Grant W. and Wang, Zhuqing and Wang, Li and Yu, Tian and Klukovich, Rachel and Zhang, Ying and Zheng, Huili and Xu, Chen and Wu, Jingwen and Hess, Rex A. and Yan, Wei},
	year = {2019},
	pages = {3584--3593},
}

@article{afzelius_cilia-related_2004,
	title = {Cilia-related diseases},
	volume = {204},
	doi = {10.1002/path.1652},
	journal = {The Journal of Pathology},
	author = {Afzelius, Ba},
	year = {2004},
	pages = {470--477},
}

@article{bowman_mass_1961,
	title = {Mass transfer from fluid and solid spheres at low {Reynolds} numbers},
	volume = {39},
	doi = {10.1002/cjce.5450390104},
	journal = {The Canadian Journal of Chemical Engineering},
	author = {Bowman, C. W. and Ward, D. M. and Johnson, A. I. and Trass, O.},
	year = {1961},
	pages = {9--13},
}

@article{cheng_luciferase_2010,
	title = {Luciferase Reporter Assay System for Deciphering {GPCR} Pathways},
	volume = {4},
	doi = {10.2174/1875397301004010084},
	journal = {Current Chemical Genomics},
	author = {Cheng, Zhijie and Garvin, Denise and Paguio, Aileen and Stecha, Pete and Wood, Keith and Fan, Frank},
	year = {2010},
	pages = {84--91},
}

@article{cummins_mechanisms_2020,
	title = {Mechanisms and Consequences of Oxygen and Carbon Dioxide Sensing in Mammals},
	volume = {100},
	doi = {10.1152/physrev.00003.2019},
	journal = {Physiological Reviews},
	author = {Cummins, Eoin P. and Strowitzki, Moritz J. and Taylor, Cormac T.},
	year = {2020},
	pages = {463--488},
}

@article{sarvestani_simulation_2016,
	title = {Simulation of {Paramecium} Chemotaxis Exposed to Calcium Gradients},
	volume = {74},
	doi = {10.1007/s12013-016-0727-8},
	journal = {Cell Biochemistry and Biophysics},
	author = {Sarvestani, Ali N. and Shamloo, Amir and Ahmadian, Mohammad Taghi},
	year = {2016},
	pages = {241--252},
}

@article{zipfel_plant_2014,
	title = {Plant pattern-recognition receptors},
	volume = {35},
	doi = {10.1016/j.it.2014.05.004},
	journal = {Trends in Immunology},
	author = {Zipfel, Cyril},
	year = {2014},
	pages = {345--351},
}

@article{ebong_imaging_2011,
	title = {Imaging the Endothelial Glycocalyx In Vitro by Rapid Freezing/Freeze Substitution Transmission Electron Microscopy},
	volume = {31},
	doi = {10.1161/ATVBAHA.111.225268},
	journal = {Arteriosclerosis, Thrombosis, and Vascular Biology},
	author = {Ebong, Eno E. and Macaluso, Frank P. and Spray, David C. and Tarbell, John M.},
	year = {2011},
	pages = {1908--1915},
}

@article{reitsma_endothelial_2007,
	title = {The endothelial glycocalyx: composition, functions, and visualization},
	volume = {454},
	shorttitle = {The endothelial glycocalyx},
	doi = {10.1007/s00424-007-0212-8},
	journal = {Pflugers Archiv},
	author = {Reitsma, Sietze and Slaaf, Dick W. and Vink, Hans and van Zandvoort, Marc A. M. J. and oude Egbrink, Mirjam G. A.},
	year = {2007},
	pages = {345--359},
}

@article{peshkov_synchronized_2022,
	title = {Synchronized oscillations in swarms of nematode {Turbatrix} aceti},
	volume = {18},
	doi = {10.1039/D1SM01572A},
	journal = {Soft Matter},
	author = {Peshkov, Anton and McGaffigan, Sonia and Quillen, Alice C.},
	year = {2022},
	pages = {1174--1182},
}

@article{ford_role_2021,
	title = {On the role of phase lag in multi-appendage metachronal swimming of euphausiids},
	volume = {16},
	doi = {10.1088/1748-3190/abc930},
	journal = {Bioinspiration \& Biomimetics},
	author = {Ford, Mitchell P. and Santhanakrishnan, Arvind},
	month = sep,
	year = {2021},
	pages = {066007},
}

@article{freitas_nanotechnology_2005,
	title = {Nanotechnology, nanomedicine and nanosurgery},
	volume = {3},
	doi = {10.1016/j.ijsu.2005.10.007},
	journal = {International Journal of Surgery},
	author = {Freitas, Robert A.},
	month = jan,
	year = {2005},
	pages = {243--246},
}

@article{khaderi_fluid_2012,
	title = {Fluid flow due to collective non-reciprocal motion of symmetrically-beating artificial cilia},
	volume = {6},
	url = {https://doi.org/10.1063/1.3676068},
	doi = {10.1063/1.3676068},
	journal = {Biomicrofluidics},
	author = {Khaderi, S. N. and den Toonder, J. M. J. and Onck, P. R.},
	year = {2012},
	pages = {014106},
}

@article{hanasoge_microfluidic_2018,
	title = {Microfluidic pumping using artificial magnetic cilia},
	volume = {4},
	doi = {10.1038/s41378-018-0010-9},
	journal = {Microsystems \& Nanoengineering},
	author = {Hanasoge, Srinivas and Hesketh, Peter J. and Alexeev, Alexander},
	year = {2018},
	pages = {1--9},
}

@article{nawroth_modular_2021,
	title = {A Modular Human Airway Lung-Chip for Studying the Effect of Breathing-Mechanics on Airway Epithelial Cell Biology},
	volume = {35},
	doi = {10.1096/fasebj.2021.35.S1.00381},
	journal = {The FASEB Journal},
	author = {Nawroth, Janna and Senger, Christiana and Roth, Doris and Hiemstra, Pieter and van der Does, Anne and Ryan, Amy},
	year = {2021},
}

@article{shields_biomimetic_2010,
	title = {Biomimetic cilia arrays generate simultaneous pumping and mixing regimes},
	volume = {107},
	doi = {10.1073/pnas.1005127107},
	journal = {Proceedings of the National Academy of Sciences},
	author = {Shields, A. R. and Fiser, B. L. and Evans, B. A. and Falvo, M. R. and Washburn, S. and Superfine, R.},
	year = {2010},
	pages = {15670--15675},
}

@article{wolfbeis_editorial_2013,
	title = {Editorial: Probes, Sensors, and Labels: Why is Real Progress Slow?},
	volume = {52},
	doi = {10.1002/anie.201305915},
	journal = {Angewandte Chemie International Edition},
	author = {Wolfbeis, Otto S.},
	year = {2013},
	pages = {9864--9865},
}

@article{ma_active_2014,
	title = {Active Phase and Amplitude Fluctuations of Flagellar Beating},
	volume = {113},
	doi = {10.1103/PhysRevLett.113.048101},
	journal = {Physical Review Letters},
	author = {Ma, Rui and Klindt, Gary S. and Riedel-Kruse, Ingmar H. and Jülicher, Frank and Friedrich, Benjamin M.},
	month = jul,
	year = {2014},
	pages = {048101},
}

@article{leopold_smoking_2009,
	title = {Smoking Is Associated with Shortened Airway Cilia},
	volume = {4},
	doi = {10.1371/journal.pone.0008157},
	journal = {PLoS ONE},
	author = {Leopold, Philip L. and O'Mahony, Michael J. and Lian, X. Julie and Tilley, Ann E. and Harvey, Ben-Gary and Crystal, Ronald G.},
	year = {2009},
	pages = {e8157},
}

@article{buqaileh_can_2021,
	title = {Can cilia provide an entry gateway for {SARS}-{CoV}-2 to human ciliated cells?},
	volume = {53},
	doi = {10.1152/physiolgenomics.00015.2021},
	journal = {Physiological Genomics},
	author = {Buqaileh, Raghad and Saternos, Hannah and Ley, Sidney and Aranda, Arianna and Forero, Kathleen and AbouAlaiwi, Wissam A.},
	year = {2021},
	pages = {249--258},
}

@article{jonsdottir_coronaviruses_2016,
	title = {Coronaviruses and the human airway: {A} universal system for virus-host interaction studies},
	publisher = {BioMed Central Ltd.},
	author = {Jonsdottir, Hulda R. and Dijkman, Ronald},
	year = {2016},
	journal = {Virology Journal},
	doi = {10.1186/s12985-016-0479-5},
	volume = {13},
}

@article{robinot_sars-cov-2_2021,
	title = {{SARS}-{CoV}-2 infection induces the dedifferentiation of multiciliated cells and impairs mucociliary clearance},
	volume = {12},
	doi = {10.1038/s41467-021-24521-x},
	journal = {Nature Communications},
	author = {Robinot, Rémy and Hubert, Mathieu and de Melo, Guilherme Dias and Lazarini, Françoise and Bruel, Timothée and Smith, Nikaïa and Levallois, Sylvain and Larrous, Florence and Fernandes, Julien and Gellenoncourt, Stacy and Rigaud, Stéphane and Gorgette, Olivier and Thouvenot, Catherine and Trébeau, Céline and Mallet, Adeline and Duménil, Guillaume and Gobaa, Samy and Etournay, Raphaël and Lledo, Pierre-Marie and Lecuit, Marc and Bourhy, Hervé and Duffy, Darragh and Michel, Vincent and Schwartz, Olivier and Chakrabarti, Lisa A.},
	year = {2021},
	pages = {4354},
}

@article{tilley_cilia_2015,
	title = {Cilia Dysfunction in Lung Disease},
	volume = {77},
	doi = {10.1146/annurev-physiol-021014-071931},
	journal = {Annual Review of Physiology},
	author = {Tilley, Ann E. and Walters, Matthew S. and Shaykhiev, Renat and Crystal, Ronald G.},
	year = {2015},
	pages = {379--406},
}

@article{guo_intracellular_2021,
	title = {Intracellular coupling modulates biflagellar synchrony},
	volume = {18},
	doi = {10.1098/rsif.2020.0660},
	journal = {Journal of the Royal Society Interface},
	author = {Guo, Hanliang and Man, Yi and Wan, Kirsty Y. and Kanso, Eva},
	year = {2021},
	pages = {20200660},
}

@article{klindt_-phase_2017,
	title = {In-phase and anti-phase flagellar synchronization by waveform compliance and basal coupling},
	volume = {19},
	doi = {10.1088/1367-2630/aa9031},
	journal = {New Journal of Physics},
	author = {Klindt, Gary S. and Ruloff, Christian and Wagner, Christian and Friedrich, Benjamin M.},
	year = {2017},
	pages = {113052},
}

@article{sakaguchi_soluble_1986,
	title = {A Soluble Active Rotater Model Showing Phase Transitions via Mutual Entertainment},
	volume = {76},
	doi = {10.1143/PTP.76.576},
	journal = {Progress of Theoretical Physics},
	author = {Sakaguchi, H. and Kuramoto, Y.},
	year = {1986},
	pages = {576--581},
}

@book{pikovskij_synchronization_2007,
	series = {Cambridge nonlinear science series},
	title = {Synchronization: a universal concept in nonlinear sciences},
	isbn = {978-0-521-53352-2},
	publisher = {Cambridge Univ. Press},
	author = {Pikovskij, Arkadij and Rosenblum, Michael and Kurths, Jürgen},
	year = {2007},
}

@article{saggese_development_2012,
	title = {Development of a method for the measurement of primary cilia length in {3D}},
	volume = {1},
	doi = {10.1186/2046-2530-1-11},
	journal = {Cilia},
	author = {Saggese, Taryn and Young, Alistair A and Huang, Chaobo and Braeckmans, Kevin and McGlashan, Susan R},
	year = {2012},
	pages = {11},
}

@incollection{widrow_chapter_2019,
	title = {Chapter 1 - Nature's Learning Rule: The {Hebbian}-{LMS} Algorithm},
	isbn = {978-0-12-815480-9},
	shorttitle = {Chapter 1 - {Nature}'s {Learning} {Rule}},
	booktitle = {Artificial Intelligence in the Age of Neural Networks and Brain Computing},
	publisher = {Academic Press},
	author = {Widrow, Bernard and Kim, Youngsik and Park, Dookun and Perin, Jose Krause},
	editor = {Kozma, Robert and Alippi, Cesare and Choe, Yoonsuck and Morabito, Francesco Carlo},
	year = {2019},
	doi = {10.1016/B978-0-12-815480-9.00001-3},
	pages = {1--30},
}

@article{pinto-ramos_nonreciprocal_2021,
	title = {Nonreciprocal Coupling Induced Self-Assembled Localized Structures},
	volume = {126},
	doi = {10.1103/PhysRevLett.126.194102},
	journal = {Physical Review Letters},
	author = {Pinto-Ramos, D. and Alfaro-Bittner, K. and Clerc, M. G. and Rojas, R. G.},
	year = {2021},
	pages = {194102},
}

@article{soto_2014_self-assembly,
  title =	 {Self-Assembly of Catalytically Active Colloidal
                  Molecules: Tailoring Activity Through Surface
                  Chemistry},
  author =	 {R. Soto and R. Golestanian},
  journal =	 {Phys. Rev. Lett.},
  volume =	 112,
  pages =	 068301,
  year =	 2014,
  doi =		 {10.1103/physrevlett.112.068301}
}

@article{soto_2015_self-assembly,
  title =	 {Self-assembly of active colloidal molecules with
                  dynamic function},
  author =	 {R. Soto and R. Golestanian},
  journal =	 {Phys. Rev. E},
  volume =	 91,
  pages =	 052304,
  year =	 2015,
  doi =		 {10.1103/physreve.91.052304}
}


@article{canalejo_2019_active,
  Author =	 {J. Agudo-Canalejo and R. Golestanian},
  Doi =		 {10.1103/physrevlett.123.018101},
  Journal =	 {Phys. Rev. Lett.},
  Pages =	 018101,
  Title =	 {Active Phase Separation in Mixtures of
                  Chemically Interacting Particles},
  Volume =	 123,
  Year =	 2019,
}

@article{elfring_2009_hydrodynamic,
  title = {Hydrodynamic Phase Locking of Swimming Microorganisms},
  author = {Elfring, Gwynn J. and Lauga, Eric},
  journal = {Phys. Rev. Lett.},
  volume = {103},
  issue = {8},
  pages = {088101},
  year = {2009},
  publisher = {American Physical Society},
  doi = {10.1103/PhysRevLett.103.088101},
}


@article{reichert_2005_synchronization,
  doi = {10.1140/epje/i2004-10152-7},
  year = {2005},
  volume = {17},
  number = {4},
  pages = {493--500},
  author = {M. Reichert and H. Stark},
  title = {Synchronization of rotating helices by hydrodynamic interactions},
  journal = {European Physical Journal E}
}

@article{prandtl_1926_aufgaben,
  title =	 {Aufgaben der {S}trömungsforschung (Lecture delivered
                  at the inauguration of the {Kaiser Wilhelm Institute
                  for Flow Research} in {G\"ottingen}, 16 {July} 1925)},
  author =	 {L. Prandtl},
  journal =	 {Naturwissenschaften},
  volume =	 14,
  year =	 1926,
  pages =	 {335-338},
  doi =		 {10.1007/BF01506967}
}

@article{taylor_1951_analysis,
  Author =	 {Taylor, G. I.},
  Date =	 1951,
  Doi =		 {10.1098/rspa.1951.0218},
  Journal =	 {Proc. R. Soc. Lond. A},
  Pages =	 {447-461},
  Title =	 {Analysis of the swimming of microscopic organisms},
  Volume =	 209,
  Year =	 1951,
}